<?xml version='1.0' encoding='UTF-8'?>
<collection xmlns="http://www.loc.gov/MARC21/slim"><record>
    <leader>00000nam a2200000 i 4500</leader>
    <controlfield tag="001">NS214760</controlfield>
    <controlfield tag="008">170826s2016||||||||||||||||||||||||por|d</controlfield>
    <datafield tag="020" ind1=" " ind2=" ">
      <subfield code="a">9789722128124</subfield>
    </datafield>
    <datafield tag="039" ind1=" " ind2=" ">
      <subfield code="b">fu</subfield>
      <subfield code="b">alcoda</subfield>
      <subfield code="b">WebOPAC</subfield>
      <subfield code="b">alcoda</subfield>
      <subfield code="b">alcoda2</subfield>
      <subfield code="b">alcoda</subfield>
    </datafield>
    <datafield tag="040" ind1=" " ind2=" ">
      <subfield code="a">Bibliomedia Solothurn</subfield>
      <subfield code="c">AlCoda</subfield>
    </datafield>
    <datafield tag="041" ind1=" " ind2=" ">
      <subfield code="a">por</subfield>
    </datafield>
    <datafield tag="090" ind1=" " ind2=" ">
      <subfield code="a">DUAR</subfield>
    </datafield>
    <datafield tag="100" ind1=" " ind2=" ">
      <subfield code="a">Mangas, Francisco Duarte</subfield>
      <subfield code="d">1960-</subfield>
      <subfield code="0">(DE-588)174004206</subfield>
      <subfield code="2">gnd</subfield>
    </datafield>
    <datafield tag="245" ind1="1" ind2="0">
      <subfield code="a">Silvio, guardador de ventos /</subfield>
      <subfield code="c">Francisco Duarte Mangas ; Madalena Moniz</subfield>
    </datafield>
    <datafield tag="264" ind1=" " ind2=" ">
      <subfield code="a">Lisboa :</subfield>
      <subfield code="b">Editorial Caminho,</subfield>
      <subfield code="c">2016</subfield>
    </datafield>
    <datafield tag="336" ind1=" " ind2=" ">
      <subfield code="a">Text</subfield>
      <subfield code="b">txt</subfield>
      <subfield code="2">rdacontent</subfield>
      <subfield code="9">NetBiblio</subfield>
    </datafield>
    <datafield tag="337" ind1=" " ind2=" ">
      <subfield code="a">ohne Hilfsmittel zu benutzen</subfield>
      <subfield code="b">n</subfield>
      <subfield code="2">rdamedia</subfield>
      <subfield code="9">NetBiblio</subfield>
    </datafield>
    <datafield tag="338" ind1=" " ind2=" ">
      <subfield code="a">Band</subfield>
      <subfield code="b">nc</subfield>
      <subfield code="2">rdacarrier</subfield>
      <subfield code="9">NetBiblio</subfield>
    </datafield>
    <datafield tag="696" ind1=" " ind2=" ">
      <subfield code="a">Bilderbuch</subfield>
      <subfield code="0">(CH-001273-X)A81873</subfield>
    </datafield>
    <datafield tag="696" ind1=" " ind2=" ">
      <subfield code="a">Kindheit</subfield>
      <subfield code="0">(CH-001273-X)A81913</subfield>
    </datafield>
    <datafield tag="696" ind1=" " ind2=" ">
      <subfield code="a">Phantasie</subfield>
    </datafield>
    <datafield tag="700" ind1=" " ind2=" ">
      <subfield code="a">Moniz, Madalena</subfield>
      <subfield code="0">(CH-001273-X)A69189</subfield>
    </datafield>
    <datafield tag="899" ind1=" " ind2=" ">
      <subfield code="a">618iWXzf3mL</subfield>
      <subfield code="b">01</subfield>
      <subfield code="c">9722128124</subfield>
      <subfield code="d">.jpg</subfield>
    </datafield>
    <datafield tag="954" ind1=" " ind2=" ">
                 <subfield code="a">BCD104375883</subfield>
                 <subfield code="j">ZBS KJ BM/DUAR</subfield>
                 <subfield code="9">LOCAL</subfield>
                 </datafield>
    <datafield tag="995" ind1=" " ind2=" ">
      <subfield code="a">port</subfield>
    </datafield>
    <datafield tag="998" ind1=" " ind2=" ">
      <subfield code="1">MediaType1Code: 10</subfield>
      <subfield code="1">MediaType2Code: 32</subfield>
      <subfield code="1">AgeCode: 83</subfield>
      <subfield code="1">BibliomediaCollectionNr: S56997</subfield>
    </datafield>
  </record>