
  <record>
    <leader>00000nam a2200000 i 4500</leader>
    <controlfield tag="001">NN018345</controlfield>
    <controlfield tag="008">190719s2019||||||||||||||||||||||||srp|d</controlfield>
    <datafield tag="020" ind1=" " ind2=" ">
      <subfield code="a">9788652906062</subfield>
    </datafield>
    <datafield tag="039" ind1=" " ind2=" ">
      <subfield code="b">II</subfield>
      <subfield code="b">alcoda</subfield>
      <subfield code="b">II</subfield>
      <subfield code="b">alcoda</subfield>
    </datafield>
    <datafield tag="041" ind1=" " ind2=" ">
      <subfield code="a">srp</subfield>
      <subfield code="h">swe</subfield>
    </datafield>
    <datafield tag="100" ind1="1" ind2=" ">
      <subfield code="a">Wieslander, Jujja</subfield>
      <subfield code="d">1944-</subfield>
      <subfield code="0">(DE-588)115632425</subfield>
    </datafield>
    <datafield tag="240" ind1=" " ind2="0">
      <subfield code="a">Mamma Mu gungar</subfield>
    </datafield>
    <datafield tag="245" ind1="0" ind2="0">
      <subfield code="a">Mama Mu se ljulja /</subfield>
      <subfield code="c">Jujja &amp; Tomas Wieslander; illustrations Sven Nordqvist</subfield>
    </datafield>
    <datafield tag="264" ind1=" " ind2="1">
      <subfield code="a">Beograd :</subfield>
      <subfield code="b">Kreativni centar,</subfield>
      <subfield code="c">2019</subfield>
    </datafield>
    <datafield tag="300" ind1=" " ind2=" ">
      <subfield code="a">1 Band (nicht paginiert) :</subfield>
      <subfield code="b">Ill. ;</subfield>
      <subfield code="c">30 cm</subfield>
    </datafield>
    <datafield tag="336" ind1=" " ind2=" ">
      <subfield code="a">Text</subfield>
      <subfield code="b">txt</subfield>
      <subfield code="2">rdacontent</subfield>
      <subfield code="9">NetBiblio</subfield>
    </datafield>
    <datafield tag="337" ind1=" " ind2=" ">
      <subfield code="a">ohne Hilfsmittel zu benutzen</subfield>
      <subfield code="b">n</subfield>
      <subfield code="2">rdamedia</subfield>
      <subfield code="9">NetBiblio</subfield>
    </datafield>
    <datafield tag="338" ind1=" " ind2=" ">
      <subfield code="a">Band</subfield>
      <subfield code="b">nc</subfield>
      <subfield code="2">rdacarrier</subfield>
      <subfield code="9">NetBiblio</subfield>
    </datafield>
    <datafield tag="546" ind1=" " ind2=" ">
      <subfield code="a">kyrillisch</subfield>
    </datafield>
    <datafield tag="696" ind1=" " ind2=" ">
      <subfield code="a">Tier Kuh</subfield>
      <subfield code="0">(CH-001273-X)A82226</subfield>
      <subfield code="2">bm</subfield>
    </datafield>
    <datafield tag="696" ind1=" " ind2=" ">
      <subfield code="a">Lustiges</subfield>
      <subfield code="0">(CH-001273-X)A81999</subfield>
      <subfield code="2">bm</subfield>
    </datafield>
    <datafield tag="696" ind1=" " ind2=" ">
      <subfield code="a">Bilderbuch</subfield>
      <subfield code="0">(CH-001273-X)A81873</subfield>
    </datafield>
    <datafield tag="700" ind1="1" ind2=" ">
      <subfield code="a">Wieslander, Tomas</subfield>
      <subfield code="d">1940-1996</subfield>
      <subfield code="0">(DE-588)11357844X</subfield>
    </datafield>
    <datafield tag="700" ind1="1" ind2=" ">
      <subfield code="a">Nordqvist, Sven</subfield>
      <subfield code="d">1946-</subfield>
      <subfield code="e">(Illustrator)</subfield>
      <subfield code="0">(DE-588)115632468</subfield>
    </datafield>
    <datafield tag="954" ind1=" " ind2=" ">
                 <subfield code="a">BCD104614004</subfield>
                 <subfield code="j">ZBS KJ BM/WIES</subfield>
                 <subfield code="9">LOCAL</subfield>
                 </datafield>
    <datafield tag="998" ind1=" " ind2=" ">
      <subfield code="1">MediaType1Code: 10</subfield>
      <subfield code="1">MediaType2Code: 32</subfield>
      <subfield code="1">AgeCode: 83</subfield>
      <subfield code="1">BibliomediaCollectionNr: S56997</subfield>
    </datafield>
  </record>