
  <record>
    <leader>00000nam a2200000 i 4500</leader>
    <controlfield tag="001">NN051087</controlfield>
    <controlfield tag="008">221207s2022||||||||||||||||||||||||srp|d</controlfield>
    <datafield tag="020" ind1=" " ind2=" ">
      <subfield code="a">9788660880712</subfield>
    </datafield>
    <datafield tag="039" ind1=" " ind2=" ">
      <subfield code="b">II</subfield>
      <subfield code="b">alcoda</subfield>
    </datafield>
    <datafield tag="041" ind1=" " ind2=" ">
      <subfield code="a">srp</subfield>
      <subfield code="h">ger</subfield>
    </datafield>
    <datafield tag="100" ind1="1" ind2=" ">
      <subfield code="a">Reitmeyer, Andrea</subfield>
      <subfield code="d">1979-</subfield>
      <subfield code="e">(Verfasser)</subfield>
      <subfield code="4">aut</subfield>
      <subfield code="0">(DE-588)1017408890</subfield>
      <subfield code="2">gnd</subfield>
    </datafield>
    <datafield tag="240" ind1=" " ind2="0">
      <subfield code="a">Karl Kunterbunt : ein Chamäleon zeigt Farbe</subfield>
    </datafield>
    <datafield tag="245" ind1="0" ind2="0">
      <subfield code="a">Kameleon Simeon voli svoje boje /</subfield>
      <subfield code="c">Andrea Rajtmajer</subfield>
    </datafield>
    <datafield tag="264" ind1=" " ind2="1">
      <subfield code="a">Čačak :</subfield>
      <subfield code="b">Pčelica,</subfield>
      <subfield code="c">2022</subfield>
    </datafield>
    <datafield tag="300" ind1=" " ind2=" ">
      <subfield code="a">1 Band (nicht paginiert) :</subfield>
      <subfield code="b">Ill. ;</subfield>
      <subfield code="c">26 cm</subfield>
    </datafield>
    <datafield tag="336" ind1=" " ind2=" ">
      <subfield code="a">Text</subfield>
      <subfield code="b">txt</subfield>
      <subfield code="2">rdacontent</subfield>
      <subfield code="9">NetBiblio</subfield>
    </datafield>
    <datafield tag="337" ind1=" " ind2=" ">
      <subfield code="a">ohne Hilfsmittel zu benutzen</subfield>
      <subfield code="b">n</subfield>
      <subfield code="2">rdamedia</subfield>
      <subfield code="9">NetBiblio</subfield>
    </datafield>
    <datafield tag="338" ind1=" " ind2=" ">
      <subfield code="a">Band</subfield>
      <subfield code="b">nc</subfield>
      <subfield code="2">rdacarrier</subfield>
      <subfield code="9">NetBiblio</subfield>
    </datafield>
    <datafield tag="546" ind1=" " ind2=" ">
      <subfield code="a">kyrillisch</subfield>
    </datafield>
    <datafield tag="696" ind1=" " ind2=" ">
      <subfield code="a">Tier Chamäleon</subfield>
      <subfield code="0">(CH-001273-X)A82190</subfield>
      <subfield code="2">bm</subfield>
    </datafield>
    <datafield tag="696" ind1=" " ind2=" ">
      <subfield code="a">Bilderbuch</subfield>
      <subfield code="0">(CH-001273-X)A81873</subfield>
    </datafield>
    <datafield tag="954" ind1=" " ind2=" ">
                 <subfield code="a">BCD105172098</subfield>
                 <subfield code="j">ZBS KJ BM/REIT</subfield>
                 <subfield code="9">LOCAL</subfield>
                 </datafield>
    <datafield tag="998" ind1=" " ind2=" ">
      <subfield code="1">MediaType1Code: 10</subfield>
      <subfield code="1">MediaType2Code: 32</subfield>
      <subfield code="1">AgeCode: 83</subfield>
      <subfield code="1">BibliomediaCollectionNr: S56997</subfield>
    </datafield>
  </record>