
  <record>
    <leader>00000nam a2200000 i 4500</leader>
    <controlfield tag="001">NN013306</controlfield>
    <controlfield tag="008">181126s2018||||||||||||||||||||||||srp|d</controlfield>
    <datafield tag="020" ind1=" " ind2=" ">
      <subfield code="a">9788652129638</subfield>
    </datafield>
    <datafield tag="039" ind1=" " ind2=" ">
      <subfield code="b">II</subfield>
      <subfield code="b">alcoda</subfield>
      <subfield code="b">II</subfield>
      <subfield code="b">alcoda2</subfield>
      <subfield code="b">DV</subfield>
    </datafield>
    <datafield tag="041" ind1=" " ind2=" ">
      <subfield code="a">srp</subfield>
    </datafield>
    <datafield tag="100" ind1="1" ind2=" ">
      <subfield code="a">Preradović, Svetlana</subfield>
      <subfield code="d">1970-</subfield>
      <subfield code="0">(DE-588)1224916999</subfield>
      <subfield code="2">gnd</subfield>
    </datafield>
    <datafield tag="245" ind1="0" ind2="0">
      <subfield code="a">Princ Nećko /</subfield>
      <subfield code="c">Svetlana Preradović; Nemanja Ristić</subfield>
    </datafield>
    <datafield tag="264" ind1=" " ind2="1">
      <subfield code="a">Beograd :</subfield>
      <subfield code="b">Laguna,</subfield>
      <subfield code="c">2018</subfield>
    </datafield>
    <datafield tag="300" ind1=" " ind2=" ">
      <subfield code="a">35 Seiten :</subfield>
      <subfield code="b">Ill. ;</subfield>
      <subfield code="c">19 x 19 cm</subfield>
    </datafield>
    <datafield tag="336" ind1=" " ind2=" ">
      <subfield code="a">Text</subfield>
      <subfield code="b">txt</subfield>
      <subfield code="2">rdacontent</subfield>
      <subfield code="9">NetBiblio</subfield>
    </datafield>
    <datafield tag="337" ind1=" " ind2=" ">
      <subfield code="a">ohne Hilfsmittel zu benutzen</subfield>
      <subfield code="b">n</subfield>
      <subfield code="2">rdamedia</subfield>
      <subfield code="9">NetBiblio</subfield>
    </datafield>
    <datafield tag="338" ind1=" " ind2=" ">
      <subfield code="a">Band</subfield>
      <subfield code="b">nc</subfield>
      <subfield code="2">rdacarrier</subfield>
      <subfield code="9">NetBiblio</subfield>
    </datafield>
    <datafield tag="546" ind1=" " ind2=" ">
      <subfield code="a">kirillisch</subfield>
    </datafield>
    <datafield tag="696" ind1=" " ind2=" ">
      <subfield code="a">Kindheit</subfield>
      <subfield code="2">bm</subfield>
      <subfield code="0">(CH-001273-X)A81913</subfield>
    </datafield>
    <datafield tag="700" ind1="1" ind2=" ">
      <subfield code="a">Ristić, Nemanja</subfield>
      <subfield code="d">1981-</subfield>
      <subfield code="e">(Illustrator)</subfield>
      <subfield code="0">(DE-588)1224917197</subfield>
      <subfield code="2">gnd</subfield>
    </datafield>
    <datafield tag="954" ind1=" " ind2=" ">
                 <subfield code="a">BCD104655372</subfield>
                 <subfield code="j">ZBS KJ BM/PRER</subfield>
                 <subfield code="9">LOCAL</subfield>
                 </datafield>
    <datafield tag="998" ind1=" " ind2=" ">
      <subfield code="1">MediaType1Code: 10</subfield>
      <subfield code="1">MediaType2Code: 32</subfield>
      <subfield code="1">AgeCode: 83</subfield>
      <subfield code="1">BibliomediaCollectionNr: S56997</subfield>
    </datafield>
  </record>