
  <record>
    <leader>00000nam a2200000 i 4500</leader>
    <controlfield tag="001">NS167680</controlfield>
    <controlfield tag="008">170826s2007||||||||||||||||||||||||srp|d</controlfield>
    <datafield tag="020" ind1=" " ind2=" ">
      <subfield code="a">9788674366653</subfield>
    </datafield>
    <datafield tag="039" ind1=" " ind2=" ">
      <subfield code="b">fu</subfield>
      <subfield code="b">alcoda</subfield>
      <subfield code="b">alcoda2</subfield>
    </datafield>
    <datafield tag="040" ind1=" " ind2=" ">
      <subfield code="a">Bibliomedia Solothurn</subfield>
      <subfield code="c">AlCoda</subfield>
    </datafield>
    <datafield tag="041" ind1=" " ind2=" ">
      <subfield code="a">srp</subfield>
    </datafield>
    <datafield tag="090" ind1=" " ind2=" ">
      <subfield code="a">LAMB</subfield>
    </datafield>
    <datafield tag="100" ind1=" " ind2=" ">
      <subfield code="a">Lamblin, Christian</subfield>
      <subfield code="0">(CH-001273-X)A97812</subfield>
    </datafield>
    <datafield tag="240" ind1=" " ind2="0">
      <subfield code="a">Jules, ce n'est pas à toi!</subfield>
    </datafield>
    <datafield tag="245" ind1="1" ind2="0">
      <subfield code="a">Joco, to nije tvoje! /</subfield>
      <subfield code="c">Christian Lamblin</subfield>
    </datafield>
    <datafield tag="264" ind1=" " ind2=" ">
      <subfield code="a">Beograd :</subfield>
      <subfield code="b">Laguna,</subfield>
      <subfield code="c">2007</subfield>
    </datafield>
    <datafield tag="336" ind1=" " ind2=" ">
      <subfield code="a">Text</subfield>
      <subfield code="b">txt</subfield>
      <subfield code="2">rdacontent</subfield>
      <subfield code="9">NetBiblio</subfield>
    </datafield>
    <datafield tag="337" ind1=" " ind2=" ">
      <subfield code="a">ohne Hilfsmittel zu benutzen</subfield>
      <subfield code="b">n</subfield>
      <subfield code="2">rdamedia</subfield>
      <subfield code="9">NetBiblio</subfield>
    </datafield>
    <datafield tag="338" ind1=" " ind2=" ">
      <subfield code="a">Band</subfield>
      <subfield code="b">nc</subfield>
      <subfield code="2">rdacarrier</subfield>
      <subfield code="9">NetBiblio</subfield>
    </datafield>
    <datafield tag="696" ind1=" " ind2=" ">
      <subfield code="a">Bilderbuch</subfield>
      <subfield code="0">(CH-001273-X)A81873</subfield>
    </datafield>
    <datafield tag="696" ind1=" " ind2=" ">
      <subfield code="a">Kindheit</subfield>
      <subfield code="0">(CH-001273-X)A81913</subfield>
    </datafield>
    <datafield tag="696" ind1=" " ind2=" ">
      <subfield code="a">Familie</subfield>
      <subfield code="0">(CH-001273-X)A81884</subfield>
    </datafield>
    <datafield tag="696" ind1=" " ind2=" ">
      <subfield code="a">Freundschaft</subfield>
      <subfield code="0">(CH-001273-X)A81888</subfield>
    </datafield>
    <datafield tag="954" ind1=" " ind2=" ">
                 <subfield code="a">BCD10271766X</subfield>
                 <subfield code="j">ZBS KJ BM/LAMB</subfield>
                 <subfield code="9">LOCAL</subfield>
                 </datafield>
    <datafield tag="995" ind1=" " ind2=" ">
      <subfield code="a">serb</subfield>
    </datafield>
    <datafield tag="998" ind1=" " ind2=" ">
      <subfield code="1">MediaType1Code: 10</subfield>
      <subfield code="1">MediaType2Code: 32</subfield>
      <subfield code="1">AgeCode: 83</subfield>
      <subfield code="1">BibliomediaCollectionNr: S56997</subfield>
    </datafield>
  </record>