
  <record>
    <leader>00000nam a2200000 i 4500</leader>
    <controlfield tag="001">NS218239</controlfield>
    <controlfield tag="008">170826s2017||||||||||||||||||||||||srp|d</controlfield>
    <datafield tag="020" ind1=" " ind2=" ">
      <subfield code="a">9783903119314</subfield>
    </datafield>
    <datafield tag="039" ind1=" " ind2=" ">
      <subfield code="b">fu</subfield>
      <subfield code="b">alcoda</subfield>
      <subfield code="b">II</subfield>
      <subfield code="b">alcoda</subfield>
      <subfield code="b">II</subfield>
      <subfield code="b">alcoda2</subfield>
      <subfield code="b">alcoda</subfield>
      <subfield code="b">II</subfield>
    </datafield>
    <datafield tag="040" ind1=" " ind2=" ">
      <subfield code="a">Bibliomedia Solothurn</subfield>
      <subfield code="c">AlCoda</subfield>
    </datafield>
    <datafield tag="041" ind1=" " ind2=" ">
      <subfield code="a">srp</subfield>
      <subfield code="a">ger</subfield>
      <subfield code="a">hrv</subfield>
    </datafield>
    <datafield tag="090" ind1=" " ind2=" ">
      <subfield code="a">HULA</subfield>
    </datafield>
    <datafield tag="100" ind1=" " ind2=" ">
      <subfield code="a">Hula, Saskia</subfield>
      <subfield code="d">1966-</subfield>
      <subfield code="0">(DE-588)129716103</subfield>
      <subfield code="2">gnd</subfield>
    </datafield>
    <datafield tag="245" ind1="1" ind2="0">
      <subfield code="a">Kralj Debeljuca i rupa na čarapi = König Kugelrund und das Loch im Socken /</subfield>
      <subfield code="c">Saskia Hula ; Katharina Sieg</subfield>
    </datafield>
    <datafield tag="264" ind1=" " ind2=" ">
      <subfield code="a">Wien :</subfield>
      <subfield code="b">Papperlapapp,</subfield>
      <subfield code="c">2017</subfield>
    </datafield>
    <datafield tag="300" ind1=" " ind2=" ">
      <subfield code="a">39 Seiten :</subfield>
      <subfield code="b">Ill.</subfield>
    </datafield>
    <datafield tag="336" ind1=" " ind2=" ">
      <subfield code="a">Text</subfield>
      <subfield code="b">txt</subfield>
      <subfield code="2">rdacontent</subfield>
      <subfield code="9">NetBiblio</subfield>
    </datafield>
    <datafield tag="337" ind1=" " ind2=" ">
      <subfield code="a">ohne Hilfsmittel zu benutzen</subfield>
      <subfield code="b">n</subfield>
      <subfield code="2">rdamedia</subfield>
      <subfield code="9">NetBiblio</subfield>
    </datafield>
    <datafield tag="338" ind1=" " ind2=" ">
      <subfield code="a">Band</subfield>
      <subfield code="b">nc</subfield>
      <subfield code="2">rdacarrier</subfield>
      <subfield code="9">NetBiblio</subfield>
    </datafield>
    <datafield tag="490" ind1=" " ind2=" ">
      <subfield code="a">Papperlapapp ;</subfield>
      <subfield code="v">Nr.5</subfield>
    </datafield>
    <datafield tag="520" ind1=" " ind2=" ">
      <subfield code="a">"Geschichten, Gedankenspiele, Mitmachseiten und vieles mehr zum Thema Langeweile"</subfield>
    </datafield>
    <datafield tag="696" ind1=" " ind2=" ">
      <subfield code="a">Bilderbuch</subfield>
      <subfield code="0">(CH-001273-X)A81873</subfield>
    </datafield>
    <datafield tag="696" ind1=" " ind2=" ">
      <subfield code="a">Interaktiv</subfield>
      <subfield code="0">(CH-001273-X)A82093</subfield>
    </datafield>
    <datafield tag="696" ind1=" " ind2=" ">
      <subfield code="a">Tier</subfield>
      <subfield code="0">(CH-001273-X)A82029</subfield>
    </datafield>
    <datafield tag="696" ind1=" " ind2=" ">
      <subfield code="a">Phantasie</subfield>
    </datafield>
    <datafield tag="696" ind1=" " ind2=" ">
      <subfield code="a">Erstes Lesealter</subfield>
      <subfield code="2">bm</subfield>
      <subfield code="0">(CH-001273-X)A81881</subfield>
    </datafield>
    <datafield tag="696" ind1=" " ind2=" ">
      <subfield code="a">Zweisprachig</subfield>
      <subfield code="0">(CH-001273-X)A246540</subfield>
    </datafield>
    <datafield tag="700" ind1=" " ind2=" ">
      <subfield code="a">Sieg, Katharina</subfield>
      <subfield code="d">1982-</subfield>
      <subfield code="0">(DE-588)13852503X</subfield>
    </datafield>
    <datafield tag="830" ind1=" " ind2="0">
      <subfield code="a">Papperlapapp</subfield>
      <subfield code="v">5</subfield>
      <subfield code="0">(CH-001273-X)A254502</subfield>
    </datafield>
    <datafield tag="954" ind1=" " ind2=" ">
                 <subfield code="a">BCD104536409</subfield>
                 <subfield code="j">ZBS KJ BM/HULA</subfield>
                 <subfield code="9">LOCAL</subfield>
                 </datafield>
    <datafield tag="995" ind1=" " ind2=" ">
      <subfield code="a">serb-dt</subfield>
    </datafield>
    <datafield tag="998" ind1=" " ind2=" ">
      <subfield code="1">MediaType1Code: 10</subfield>
      <subfield code="1">MediaType2Code: 32</subfield>
      <subfield code="1">AgeCode: 83</subfield>
      <subfield code="1">BibliomediaCollectionNr: S56997</subfield>
    </datafield>
  </record>
  </collection>
